@ARTICLE{Wegener,
	author = {Wegener, A.},
	title = "{Die Entstehung der Kontinente}",
	journal = {Geologische Rundschau},
	year = {1912},
	month = {jul},
	volume = {3},
	number = {B6},
	pages = {276–292},
	doi = {10.1007/BF02202896}
}

@article{ExperimentalNucleation,
	author = {Guérin-Marthe, S. and Nielsen, S. and Bird, R. and Giani, S. and Di Toro, G.},
	title = "{Earthquake Nucleation Size: Evidence of Loading Rate Dependence in Laboratory Faults}",
	journal = {Journal of Geophysical Research: Solid Earth},
	volume = {124},
	number = {1},
	pages = {689-708},
	keywords = {nucleation length of earthquakes, seismicity patterns of subduction zones, laboratory fault},
	doi = {https://doi.org/10.1029/2018JB016803},
	url = {https://agupubs.onlinelibrary.wiley.com/doi/abs/10.1029/2018JB016803},
	eprint = {https://agupubs.onlinelibrary.wiley.com/doi/pdf/10.1029/2018JB016803},
	year = {2019}
}

@article{MagneticNucleation,
	author = {Schekotov, A. and Chebrov, D. and Hayakawa, M. and Belyaev, G. and Berseneva, N.},
	title = "{Short-term earthquake prediction in Kamchatka using low-frequency magnetic fields}",
	journal = {Natural Hazards},
	volume = {100},
	pages = {735-755},
	doi = {10.1007/s11069-019-03839-2},
	year = {2020}
}


@inproceedings{SeissolBigSimulation,
	author = {Uphoff, C. and Rettenberger, S. and Bader, M. and Madden, E. H. and Ulrich, T. and Wollherr, S. and Gabriel, A.-A.},
	title = "{Extreme Scale Multi-Physics Simulations of the Tsunamigenic 2004 Sumatra Megathrust Earthquake}",
	year = {2017},
	isbn = {9781450351140},
	publisher = {Association for Computing Machinery},
	address = {New York, NY, USA},
	url = {https://doi.org/10.1145/3126908.3126948},
	doi = {10.1145/3126908.3126948},
	booktitle = {Proceedings of the International Conference for High Performance Computing, Networking, Storage and Analysis},
	articleno = {21},
	numpages = {16},
	location = {Denver, Colorado},
	series = {SC '17}
}

@article{DynamicRupture,
	author = {Wollherr, S. and Gabriel, A.-A. and Uphoff, C.},
	title = "{Off-fault plasticity in three-dimensional dynamic rupture simulations using a modal Discontinuous Galerkin method on unstructured meshes: implementation, verification and application}",
	journal = {Geophysical Journal International},
	volume = {214},
	number = {3},
	pages = {1556-1584},
	year = {2018},
	month = {05},
	issn = {0956-540X},
	doi = {10.1093/gji/ggy213},
	url = {https://doi.org/10.1093/gji/ggy213},
	eprint = {https://academic.oup.com/gji/article-pdf/214/3/1556/25597520/ggy213.pdf}
}


@article{IMEX,
	ISSN = {00361429},
	URL = {http://www.jstor.org/stable/2158449},
	author = {Ascher, U. M. and Ruuth, S. J. and Wetton, B. T. R.},
	journal = {SIAM Journal on Numerical Analysis},
	number = {3},
	pages = {797--823},
	publisher = {Society for Industrial and Applied Mathematics},
	title = {Implicit-Explicit Methods for Time-Dependent Partial Differential Equations},
	volume = {32},
	year = {1995}
}

@article{PETSc,
	author={Abhyankar, S. and Brown, J. and Constantinescu, E. M. and Ghosh, D. and Smith, B. F. and Zhang, H.},
	title="{PETSc/TS: A Modern Scalable ODE/DAE Solver Library}",
	journal={arXiv preprint arXiv:1806.01437},
	year={2018}
} 

@article{AnomaliesNucleation,
	author = {Alizadeh Zakaria, Z. and Farnood Ahmadi, F.},
	title = "{Possibility of an earthquake prediction based on monitoring crustal deformation anomalies and thermal anomalies at the epicenter of earthquakes with oblique thrust faulting}",
	journal = {Acta Geophysica},
	volume = {68},
	pages = {51-73},
	doi = {10.1007/s11600-019-00390-3},
	year = {2020}
}
@article{IsQuasiElastostaticGoodEnough,
	author = {Thomas, M. Y. and Lapusta, N. and Noda, H. and Avouac, J.-P.},
	title = "{Quasi-dynamic versus fully dynamic simulations of earthquakes and aseismic slip with and without enhanced coseismic weakening}",
	journal = {Journal of Geophysical Research: Solid Earth},
	volume = {119},
	number = {3},
	pages = {1986-2004},
	keywords = {numerical simulations, quasi-dynamic, fully dynamic, wave-mediated stress transfer, rate-and-state law, enhanced weakening},
	doi = {https://doi.org/10.1002/2013JB010615},
	url = {https://agupubs.onlinelibrary.wiley.com/doi/abs/10.1002/2013JB010615},
	year = {2014}
}


@ARTICLE{GeneralSEASSimulations,
       author = {Rice, J. R.},
        title = "{Spatio-temporal complexity of slip on a fault}",
      journal = {Journal of Geophysical Research},
         year = {1993},
        month = {jun},
       volume = {98},
       number = {B6},
        pages = {9885-9907},
          doi = {10.1029/93JB00191},
       adsurl = {https://ui.adsabs.harvard.edu/abs/1993JGR....98.9885R},
      adsnote = {Provided by the SAO/NASA Astrophysics Data System}
}

@article{DAETheory,
	author = {Kunkel, P. and Mehrmann, V.},
	year = {2006},
	month = {01},
	pages = {},
	title = "{Differential-algebraic equations. Analysis and numerical solution}",
	doi = {10.4171/017}
}

@article{Dieterich79,
	author = {Dieterich, J. H.},
	title = "{Modeling of rock friction: 1. Experimental results and constitutive equations}",
	journal = {Journal of Geophysical Research: Solid Earth},
	volume = {84},
	number = {B5},
	pages = {2161-2168},
	doi = {https://doi.org/10.1029/JB084iB05p02161},
	url = {https://agupubs.onlinelibrary.wiley.com/doi/abs/10.1029/JB084iB05p02161},
	eprint = {https://agupubs.onlinelibrary.wiley.com/doi/pdf/10.1029/JB084iB05p02161},
	year = {1979}
}


@inbook{Dieterich81,
	author = {Dieterich, J. H.},
	publisher = {American Geophysical Union (AGU)},
	isbn = {9781118663806},
	title = "{Constitutive Properties of Faults With Simulated Gouge}",
	booktitle = {Mechanical Behavior of Crustal Rocks},
	chapter = {},
	pages = {103-120},
	doi = {https://doi.org/10.1029/GM024p0103},
	url = {https://agupubs.onlinelibrary.wiley.com/doi/abs/10.1029/GM024p0103},
	eprint = {https://agupubs.onlinelibrary.wiley.com/doi/pdf/10.1029/GM024p0103},
	year = {1981},
	keywords = {Rock deformation—Addresses, essays, lectures, Earth—Crust—Addresses, essays, lectures, Geodynamics—Addresses, essays, lectures, Handin, John}
	}

@article{Ruina,
	author = {Ruina, A.},
	title = "{Slip instability and state variable friction laws}",
	journal = {Journal of Geophysical Research: Solid Earth},
	volume = {88},
	number = {B12},
	pages = {10359-10370},
	doi = {https://doi.org/10.1029/JB088iB12p10359},
	url = {https://agupubs.onlinelibrary.wiley.com/doi/abs/10.1029/JB088iB12p10359},
	eprint = {https://agupubs.onlinelibrary.wiley.com/doi/pdf/10.1029/JB088iB12p10359},
	year = {1983}
}

@article{DG_for_SEAS,
	author = {Uphoff, C. and May, D., and Gabriel, A.-A.},
	title = "{The discontinuous Galerkin method for sequences of earthquakes and aseismic slip}",
	journal = "{EGU General Assembly 2021, online, 19–30 Apr 2021, EGU21-5408}",
	doi = {https://doi.org/10.1029/JB088iB12p10359}
}


@book{DG-elliptic-problems,
	author = {Rivière, B.},
	year = {2008},
	title = "{Discontinuous Galerkin Methods for Solving Elliptic and Parabolic Equations: Theory and Implementation}",
	doi = {10.1137/1.9780898717440}
}

@article{RK-BogackiShampine,
	title = "{A 3(2) pair of Runge - Kutta formulas}",
	journal = {Applied Mathematics Letters},
	volume = {2},
	number = {4},
	pages = {321-325},
	year = {1989},
	issn = {0893-9659},
	doi = {https://doi.org/10.1016/0893-9659(89)90079-7},
	url = {https://www.sciencedirect.com/science/article/pii/0893965989900797},
	author = {Bogacki, P.  and Shampine, L.F.}
}

@article{RK-Fehlberg,
	title = "{Low-order Classical Runge-Kutta Formulas with Stepsize Control and their Applications to some Heat Transfer Problems}",
	publisher = {National Aeronautics and Space Administration (NASA)},
	year = {1969},
	author = {Fehlberg, E.}
}

@article{Lapusta,
	title = "{Elastodynamic analysis for slow tectonic loading with spontaneous rupture episodes on faults with rate- and state-dependent friction}",
	author = {N. Lapusta, N. and Rice, J. R. and Ben-Zion, Y. and Zheng, G. },
	journal = {Journal of Geophysical Research},
	volume = {105},
	number = {B10},
	pages = {23765-23789},
	year = {2000}
}


@article{RK-DormandPrince,
	title = "{A family of embedded Runge-Kutta formulae}",
	journal = {Journal of Computational and Applied Mathematics},
	volume = {6},
	number = {1},
	pages = {19-26},
	year = {1980},
	issn = {0377-0427},
	doi = {https://doi.org/10.1016/0771-050X(80)90013-3},
	url = {https://www.sciencedirect.com/science/article/pii/0771050X80900133},
	author = {Dormand, J. R. and Prince, P. J.}
}

@article{ManufacturedSolution,
    author = {Roache, P. J. },
    title = "{Code Verification by the Method of Manufactured Solutions }",
    journal = {Journal of Fluids Engineering},
    volume = {124},
    number = {1},
    pages = {4-10},
    year = {2001},
    month = {11},
    issn = {0098-2202},
    doi = {10.1115/1.1436090},
    url = {https://doi.org/10.1115/1.1436090},
    eprint = {https://asmedigitalcollection.asme.org/fluidsengineering/article-pdf/124/1/4/5901562/4\_1.pdf}
}

@article{BP1-Benchmark,
	author = {Erickson, B. A. and Jiang, J. and Barall, M. and Lapusta, N. and Dunham, E. M. and Harris, R. and Abrahams, L. S. and Allison, K. L. and Ampuero, J.‐P. and Barbot, S. and Cattania, C. and Elbanna, A. and Fialko, Y. and Idini, B. and Kozdon, J. E. and Lambert, V. and Liu, Y. and Luo, Y. and Ma, X. and Best McKay, M. and Segall, P. and Shi, P. and van den Ende, M. and Wei, M.},
	title = "{The Community Code Verification Exercise for Simulating Sequences of Earthquakes and Aseismic Slip (SEAS)}",
	journal = {Seismological Research Letters},
	volume = {91},
	number = {2A},
	pages = {874-890},
	year = {2020},
	month = {01},
	issn = {0895-0695},
	doi = {10.1785/0220190248},
	url = {https://doi.org/10.1785/0220190248},
	eprint = {https://pubs.geoscienceworld.org/srl/article-pdf/91/2A/874/4956491/srl-2019248.1.pdf}
}

@INPROCEEDINGS{MechanicsOfEarthquakeRupture,
	author = {Rice, J. R. },
	title = "{The mechanics of earthquake rupture}",
	booktitle = {in Physics of the Earth's Interior, edited by A.M. Dziewonski and E. Boschi},
	year = {1980},
	pages = {555-649}
}

@book{elemLocalErrorControl,
    author = {Gear, C. W.},
    title = "{Numerical Initial Value Problems in Ordinary Differential Equations}",
    year = {1971},
    isbn = {0136266061},
    publisher = {Prentice Hall PTR},
    address = {USA}
}

@book{introductionPartialDiffEquations,
	author = {Olver, P. J. },
	title = "{Introduction to Partial Differential Equations}",
	year = {2014},
	isbn = {978-3-319-02099-0},
	publisher = {Springer International Publishing}
}

@book{introductionGeophysics,
	author = {Fowler, C. M. R. },
	title = "{The Solid Earth: An Introduction to Global Geophysics}",
	year = {2004},
	isbn = {978-0521893077},
	publisher = {Cambridge University Press; 2nd edition}
}


@book{LinearElasticityTheory,
	author = {Slaughter, W. S. },
	title = "{The Linearized Theory of Elasticity}",
	year = {2002},
	isbn = {978-1-4612-0093-2},
	publisher = {Birkh\"auser Basel}
}


@book{ IterativeSolutionMethods ,
	author = {Axelsson, O. },
	title = "{Iterative solution methods}",
	year = {1993},
	isbn = {0521445248},
	publisher = {Cambridge ; New York : Cambridge University Press}
}


@book{NewtonRaphsonMethod,
    author = {Raphson, J. },
    title = "{ Analysis Æequationum Universalis}",
    year = {1697},
    publisher = {Th. Braddyll}
}

@ARTICLE{
	BroydenIteration,
	AUTHOR = {Broyden, C.},
	TITLE = "{A Class of Methods for Solving Nonlinear Simultaneous Equations}",
	JOURNAL = {Mathematics of Computation},
	VOLUME = {19},
	YEAR = {1965},
	PAGES = {577-593}
} 

@article{AdaptTSComputStab,
	author = {Söderlind, G. and Wang, L.},
	year = {2003},
	month = {01},
	title = "{Adaptive Time-Stepping and Computational Stability}",
	volume = {185},
	journal = {ACM Transactions on Computational Logic - TOCL},
	doi = {10.1016/j.cam.2005.03.008}
	}

@article{GMRES,
	author = {Saad, Y. and Schultz, M. H.},
	title = "{GMRES: A Generalized Minimal Residual Algorithm for Solving Nonsymmetric Linear Systems}",
	journal = {SIAM Journal on Scientific and Statistical Computing},
	volume = {7},
	number = {3},
	pages = {856-869},
	year = {1986},
	doi = {10.1137/0907058},	
	URL = {https://doi.org/10.1137/0907058},
	eprint = {https://doi.org/10.1137/0907058}
	
}

@article{Kant,
	author = {Kant, I.},
	title = "{Geschichte und Naturbeschreibung der merkw\"urdigsten Vorf\"alle des Erdbebens, welches an dem Ende des 1755sten Jahres einen großen Theil der Erde ersch\"uttert hat}",
	journal = {Vorkritische Schriften I},
	pages = {429-462},
	year = {1756},
	URL = {https://korpora.zim.uni-duisburg-essen.de/kant/aa01/Inhalt1.html}	
}




@article{AutomControlAdaptTS,
  author       = {S\"oderlind, G.},
  issn         = {1572-9265},
  language     = {eng},
  number       = {1-4},
  pages        = {281--310},
  publisher    = {Springer},
  series       = {Numerical Algorithms},
  title        = "{Automatic control and adaptive time-stepping}",
  url          = {http://dx.doi.org/10.1023/A:1021160023092},
  doi          = {10.1023/A:1021160023092},
  volume       = {31},
  year         = {2002}
}