@inbook{Leveque,
	author="Randall J. LeVeque",
	title="Finite Volume Methods for Hyperbolic Problems",
	publisher="Cambridge: Cambridge University Press",
	year="2002" }
	
@article{Laudajuela,
    author="Mikel Laudajuela",
    title="Burgers Equation", 
    journal="BCAS Internship",
    year="2011" }
    
@article{Godunov,
	author="Sergei K. Godunov",
	title="Разностный метод численного расчета разрывных решений уравнений гидродинамики",
	Journal="Mat. Sbornik, Volume 47 (89), Number 3",
	pages={271-306},
	year="1959" }
