@ARTICLE{1993JGR....98.9885R,
       author = {{Rice}, James R.},
        title = "{Spatio-temporal complexity of slip on a fault}",
      journal = {\jgr},
         year = 1993,
        month = jun,
       volume = {98},
       number = {B6},
        pages = {9885-9907},
          doi = {10.1029/93JB00191},
       adsurl = {https://ui.adsabs.harvard.edu/abs/1993JGR....98.9885R},
      adsnote = {Provided by the SAO/NASA Astrophysics Data System}
}

@article{10.1115/1.1436090,
    author = {Roache, Patrick J. },
    title = "{Code Verification by the Method of Manufactured Solutions }",
    journal = {Journal of Fluids Engineering},
    volume = {124},
    number = {1},
    pages = {4-10},
    year = {2001},
    month = {11},
    issn = {0098-2202},
    doi = {10.1115/1.1436090},
    url = {https://doi.org/10.1115/1.1436090},
    eprint = {https://asmedigitalcollection.asme.org/fluidsengineering/article-pdf/124/1/4/5901562/4\_1.pdf},
}

@book{elemLocalErrorControl,
    author = {Gear, C. William},
    title = {Numerical Initial Value Problems in Ordinary Differential Equations},
    year = {1971},
    isbn = {0136266061},
    publisher = {Prentice Hall PTR},
    address = {USA}
}

@book{introductionPartialDiffEquations,
	author = {Peter J. Olver},
	title = {Introduction to Partial Differential Equations},
	year = {2014},
	isbn = {978-3-319-02099-0},
	publisher = {Springer International Publishing},
}


@book{ IterativeSolutionMethods ,
	author = {O. Axelsson},
	title = { Iterative solution methods},
	year = {1993},
	isbn = {0521445248},
	publisher = {Cambridge ; New York : Cambridge University Press},
}


@book{NewtonRaphsonMethod,
    author = {Joseph Raphson},
    title = { Analysis Æequationum Universalis},
    year = {1697},
    publisher = {Th. Braddyll}
}

@ARTICLE{
	BroydenIteration,
	AUTHOR = "C. Broyden",
	TITLE = "A Class of Methods for Solving Nonlinear Simultaneous Equations",
	JOURNAL = "Mathematics of Computation",
	VOLUME = "19",
	YEAR = "1965",
	PAGES = "577--593",
	REFERRED = "[Coleman1996SaE]."
} 

@article{AdaptTSComputStab,
author = {Söderlind, Gustaf and Wang, Lina},
year = {2003},
month = {01},
pages = {},
title = {Adaptive Time-Stepping and Computational Stability},
volume = {185},
journal = {ACM Transactions on Computational Logic - TOCL},
doi = {10.1016/j.cam.2005.03.008}
}

@article{GMRES,
	author = {Saad, Youcef and Schultz, Martin H.},
	title = {GMRES: A Generalized Minimal Residual Algorithm for Solving Nonsymmetric Linear Systems},
	journal = {SIAM Journal on Scientific and Statistical Computing},
	volume = {7},
	number = {3},
	pages = {856-869},
	year = {1986},
	doi = {10.1137/0907058},	
	URL = {https://doi.org/10.1137/0907058},
	eprint = {https://doi.org/10.1137/0907058}
	
}



@article{AutomControlAdaptTS,
  author       = {S\"oderlind, Gustaf},
  issn         = {1572-9265},
  language     = {eng},
  number       = {1-4},
  pages        = {281--310},
  publisher    = {Springer},
  series       = {Numerical Algorithms},
  title        = {Automatic control and adaptive time-stepping},
  url          = {http://dx.doi.org/10.1023/A:1021160023092},
  doi          = {10.1023/A:1021160023092},
  volume       = {31},
  year         = {2002},
}